@article{miller1995wordnet,
  title={WordNet: a lexical database for English},
  author={Miller, George A},
  journal={Communications of the ACM},
  year={1995},
}

@inproceedings{suchanek2007yago,
  title={Yago: a core of semantic knowledge},
  author={Suchanek, Fabian M and Kasneci, Gjergji and Weikum, Gerhard},
  booktitle={Proceedings of WWW},  
  year={2007},
}


@article{hoffart2013yago2,
  title={YAGO2: A spatially and temporally enhanced knowledge base from Wikipedia},
  author={Hoffart, Johannes and Suchanek, Fabian M and Berberich, Klaus and Weikum, Gerhard},
  journal={Proceedings of Artificial Intelligence},
  year={2013},
}



@incollection{auer2007dbpedia,
  title={Dbpedia: A nucleus for a web of open data},
  author={Auer, S{\"o}ren and Bizer, Christian and Kobilarov, Georgi and Lehmann, Jens and Cyganiak, Richard and Ives, Zachary},
  booktitle={Proceedings of the semantic web},  
  year={2007},
}

@inproceedings{bollacker2008freebase,
  title =  {Freebase: a collaboratively created graph database
                  for structuring human knowledge},
  author =   {Bollacker, Kurt and Evans, Colin and Paritosh,
                  Praveen and Sturge, Tim and Taylor, Jamie},
  booktitle =  {Proceedings of KDD},  
  year =   2008,
}


@inproceedings{dong2014knowledge,
  title={Knowledge vault: A web-scale approach to probabilistic knowledge fusion},
  author={Dong, Xin and Gabrilovich, Evgeniy and Heitz, Geremy and Horn, Wilko and Lao, Ni and Murphy, Kevin and Strohmann, Thomas and Sun, Shaohua and Zhang, Wei},
  booktitle={Proceedings of SIGKDD},  
  year={2014},
}


@article{vrandevcic2014wikidata,
  title={Wikidata: a free collaborative knowledgebase},
  author={Vrande{\v{c}}i{\'c}, Denny and Kr{\"o}tzsch, Markus},
  journal={Communications of the ACM},  
  year={2014},
}

@inproceedings{bordes2013translating,
  title =  {Translating embeddings for modeling multi-relational
                  data},
  author =   {Bordes, Antoine and Usunier, Nicolas and
                  Garcia-Duran, Alberto and Weston, Jason and
                  Yakhnenko, Oksana},
  booktitle =  {Proceedings of NIPS},
  year =   2013,
}

@inproceedings{wang2014transh,
  title =  {Knowledge Graph Embedding by Translating on
                  Hyperplanes},
  author =   {Wang, Zhen and Zhang, Jianwen and Feng, Jianlin and
                  Chen, Zheng},
  booktitle =  {Proceedings of AAAI},
  year =   2014,
}

@inproceedings{lin2015learning,
  title={Learning Entity and Relation Embeddings for Knowledge Graph Completion},
  author={Lin, Yankai and Liu, Zhiyuan and Sun, Maosong and Liu, Yang and Zhu, Xuan},
  booktitle = {Proceedings of AAAI},
  year= 2015,
}

@inproceedings{ji2015knowledge,
  title={Knowledge graph embedding via dynamic mapping matrix},
  author={Ji, Guoliang and He, Shizhu and Xu, Liheng and Liu, Kang and Zhao, Jun},
  booktitle={Proceedings of ACL},
  year={2015}
}

@article{Lin2016Knowledge,
  title={Knowledge Representation Learning with Entities, Attributes and Relations},
  author={Lin, Yankai and Liu, Zhiyuan and Sun, Maosong},
  journal={Proceedings of IJCAI},
  year={2016},
}


@inproceedings{toutanova2015representing,
  title={Representing Text for Joint Embedding of Text and Knowledge Bases.},
  author={Toutanova, Kristina and Chen, Danqi and Pantel, Patrick and Poon, Hoifung and Choudhury, Pallavi and Gamon, Michael},
  booktitle={Proceedings of EMNLP}, 
  year={2015},
}


@inproceedings{lin2016neural,
  title={Neural relation extraction with selective attention over instances},
  author={Lin, Yankai and Shen, Shiqi and Liu, Zhiyuan and Luan, Huanbo and Sun, Maosong},
  booktitle={Proceedings of ACL},
  year={2016}
}


@article{mikolov2013efficient,
  title =  {Efficient estimation of word representations in
                  vector space},
  author =   {Mikolov, Tomas and Chen, Kai and Corrado, Greg and
                  Dean, Jeffrey},
  journal =  {Proceedings of ICLR},
  year =   2013
}


@inproceedings{zeng2014relation,
  title={Relation classification via convolutional deep neural network},
  author={Zeng, Daojian and Liu, Kang and Lai, Siwei and Zhou, Guangyou and Zhao, Jun},
  booktitle={Proceedings of COLING},
  
  year={2014}
}


