@article{bengio2003neural,
  title =  {A Neural Probabilistic Language Model},
  author =   {Bengio, Yoshua and Ducharme, R{\'e}jean and Vincent,
                  Pascal and Jauvin, Christian},
  journal =  {JMLR},
  volume =   3,
  pages =  {1137--1155},
  year =   2003
}

@article{blei2003latent,
  title =  {Latent dirichlet allocation},
  author =   {Blei, David M and Ng, Andrew Y and Jordan, Michael
                  I},
  journal =  {JMLR},
  volume =   3,
  pages =  {993--1022},
  year =   2003,
}

@inproceedings{bollacker2008freebase,
  title =  {Freebase: a collaboratively created graph database
                  for structuring human knowledge},
  author =   {Bollacker, Kurt and Evans, Colin and Paritosh,
                  Praveen and Sturge, Tim and Taylor, Jamie},
  booktitle =  {Proceedings of KDD},
  pages =  {1247--1250},
  year =   2008,
}

@inproceedings{bordes2011learning,
  title =  {Learning Structured Embeddings of Knowledge Bases},
  author =   {Bordes, Antoine and Weston, Jason and Collobert,
                  Ronan and Bengio, Yoshua and others},
  booktitle =  {Proceedings of AAAI},
  pages =  {301--306},
  year =   2011
}

@inproceedings{bordes2012joint,
  title =  {Joint learning of words and meaning representations
                  for open-text semantic parsing},
  author =   {Bordes, Antoine and Glorot, Xavier and Weston, Jason
                  and Bengio, Yoshua},
  booktitle =  {Proceedings of AISTATS},
  pages =  {127--135},
  year =   2012
}

@inproceedings{bordes2013translating,
  title =  {Translating embeddings for modeling multi-relational
                  data},
  author =   {Bordes, Antoine and Usunier, Nicolas and
                  Garcia-Duran, Alberto and Weston, Jason and
                  Yakhnenko, Oksana},
  booktitle =  {Proceedings of NIPS},
  pages =  {2787--2795},
  year =   2013,
}

@article{bordes2014semantic,
  title =  {A semantic matching energy function for learning
                  with multi-relational data},
  author =   {Bordes, Antoine and Glorot, Xavier and Weston, Jason
                  and Bengio, Yoshua},
  journal =  {Machine Learning},
  volume =   94,
  number =   2,
  pages =  {233--259},
  year =   2014,
}

@inproceedings{dumais1995latent,
  title =  {Latent semantic indexing},
  author =   {Dumais, S and Furnas, G and Landauer, T and
                  Deerwester, S and Deerwester, S and others},
  booktitle =  {Proceedings of Text Retrieval Conference},
  year =   1995
}

@inproceedings{fu2014learning,
  title =  {Learning semantic hierarchies via word embeddings},
  author =   {Fu, Ruiji and Guo, Jiang and Qin, Bing and Che,
                  Wanxiang and Wang, Haifeng and Liu, Ting},
  booktitle =  {Proceedings of ACL},
  pages =  {1199--1209},
  year =   2014
}

@inproceedings{glorot2010understanding,
  title =  {Understanding the difficulty of training deep
                  feedforward neural networks},
  author =   {Glorot, Xavier and Bengio, Yoshua},
  booktitle =  {Proceedings of AISTATS},
  pages =  {249--256},
  year =   2010
}

@inproceedings{hoffmann2011knowledge,
  title =  {Knowledge-based weak supervision for information
                  extraction of overlapping relations},
  author =   {Hoffmann, Raphael and Zhang, Congle and Ling, Xiao
                  and Zettlemoyer, Luke and Weld, Daniel S},
  booktitle =  {Proceedings of ACL-HLT},
  pages =  {541--550},
  year =   2011,
}

@inproceedings{jenatton2012latent,
  title =  {A latent factor model for highly multi-relational
                  data},
  author =   {Jenatton, Rodolphe and Roux, Nicolas L and Bordes,
                  Antoine and Obozinski, Guillaume R},
  booktitle =  {Proceedings of NIPS},
  pages =  {3167--3175},
  year =   2012
}

@inproceedings{mei2007automatic,
  title =  {Automatic labeling of multinomial topic models},
  author =   {Mei, Qiaozhu and Shen, Xuehua and Zhai, ChengXiang},
  booktitle =  {Proceedings of KDD},
  pages =  {490--499},
  year =   2007,
}

@inproceedings{mikolov2013distributed,
  title =  {Distributed representations of words and phrases and
                  their compositionality},
  author =   {Mikolov, Tomas and Sutskever, Ilya and Chen, Kai and
                  Corrado, Greg S and Dean, Jeff},
  booktitle =  {Proceedings of NIPS},
  pages =  {3111--3119},
  year =   2013
}

@article{mikolov2013efficient,
  title =  {Efficient estimation of word representations in
                  vector space},
  author =   {Mikolov, Tomas and Chen, Kai and Corrado, Greg and
                  Dean, Jeffrey},
  journal =  {Proceedings of ICLR},
  year =   2013
}

@inproceedings{mikolov2013linguistic,
  title =  {Linguistic regularities in continuous space word
                  representations},
  author =   {Mikolov, Tomas and Yih, Wen-tau and Zweig, Geoffrey},
  booktitle =  {Proceedings of HLT-NAACL},
  pages =  {746--751},
  year =   2013
}

@article{miller1995wordnet,
  title =  {WordNet: a lexical database for English},
  author =   {Miller, George A},
  journal =  {Communications of the ACM},
  volume =   38,
  number =   11,
  pages =  {39--41},
  year =   1995,
}

@inproceedings{mintz2009distant,
  title =  {Distant supervision for relation extraction without
                  labeled data},
  author =   {Mintz, Mike and Bills, Steven and Snow, Rion and
                  Jurafsky, Dan},
  booktitle =  {Proceedings of ACL-IJCNLP},
  pages =  {1003--1011},
  year =   2009,
}

@inproceedings{nickel2011three,
  title =  {A three-way model for collective learning on
                  multi-relational data},
  author =   {Nickel, Maximilian and Tresp, Volker and Kriegel,
                  Hans-Peter},
  booktitle =  {Proceedings of ICML},
  pages =  {809--816},
  year =   2011
}

@inproceedings{nickel2012factorizing,
  title =  {Factorizing YAGO: scalable machine learning for
                  linked data},
  author =   {Nickel, Maximilian and Tresp, Volker and Kriegel,
                  Hans-Peter},
  booktitle =  {Proceedings of WWW},
  pages =  {271--280},
  year =   2012,
}

@incollection{riedel2010modeling,
  title =  {Modeling relations and their mentions without
                  labeled text},
  author =   {Riedel, Sebastian and Yao, Limin and McCallum,
                  Andrew},
  booktitle =  {Machine Learning and Knowledge Discovery in
                  Databases},
  pages =  {148--163},
  year =   2010,
}

@book{ritzema1994drainage,
  title =  {Drainage principles and applications.},
  author =   {Ritzema, HP and others},
  year =   1994
}

@inproceedings{socher2013reasoning,
  title =  {Reasoning with neural tensor networks for knowledge
                  base completion},
  author =   {Socher, Richard and Chen, Danqi and Manning,
                  Christopher D and Ng, Andrew},
  booktitle =  {Proceedings of NIPS},
  pages =  {926--934},
  year =   2013
}

@inproceedings{surdeanu2012multi,
  title =  {Multi-instance multi-label learning for relation
                  extraction},
  author =   {Surdeanu, Mihai and Tibshirani, Julie and Nallapati,
                  Ramesh and Manning, Christopher D},
  booktitle =  {Proceedings of EMNLP},
  pages =  {455--465},
  year =   2012,
}

@inproceedings{sutskever2009modelling,
  title =  {Modelling relational data using Bayesian clustered
                  tensor factorization},
  author =   {Sutskever, Ilya and Tenenbaum, Joshua B and
                  Salakhutdinov, Ruslan},
  booktitle =  {Proceedings of NIPS},
  pages =  {1821--1828},
  year =   2009
}

@inproceedings{turian2010word,
  title =  {Word representations: a simple and general method
                  for semi-supervised learning},
  author =   {Turian, Joseph and Ratinov, Lev and Bengio, Yoshua},
  booktitle =  {Proceedings of ACL},
  pages =  {384--394},
  year =   2010
}

@inproceedings{wang2014knowledge,
  title =  {Knowledge Graph Embedding by Translating on
                  Hyperplanes},
  author =   {Wang, Zhen and Zhang, Jianwen and Feng, Jianlin and
                  Chen, Zheng},
  booktitle =  {Proceedings of AAAI},
  pages =  {1112--1119},
  year =   2014,
}













@article{zhou2007bipartite,
  title={Bipartite network projection and personal recommendation},
  author={Zhou, Tao and Ren, Jie and Medo, Mat{\'u}{\v{s}} and Zhang, Yi-Cheng},
  journal={Physical Review E},
  volume={76},
  number={4},
  pages={046115},
  year={2007},
}

@article{lu2011link,
  title={Link prediction in complex networks: A survey},
  author={L{\"u}, Linyuan and Zhou, Tao},
  journal={Physica A: Statistical Mechanics and its Applications},
  volume={390},
  number={6},
  pages={1150--1170},
  year={2011},
}


@inproceedings{lin2015learning,
  title={Learning Entity and Relation Embeddings for Knowledge Graph Completion},
  author={Lin, Yankai and Liu, Zhiyuan and Sun, Maosong and Liu, Yang and Zhu, Xuan},
  booktitle = {Proceedings of AAAI},
  pages = {2181-2187},
  year= 2015,
}

@inproceedings{weston2013connecting,
  title =  {Connecting language and knowledge bases with
                  embedding models for relation extraction},
  author =   {Weston, Jason and Bordes, Antoine and Yakhnenko,
                  Oksana and Usunier, Nicolas},
  booktitle =  {Proceedings of EMNLP},
  pages =  {1366-1371},
  year =   2013
}

@inproceedings{lao2011random,
  title={Random walk inference and learning in a large scale knowledge base},
  author={Lao, Ni and Mitchell, Tom and Cohen, William W},
  booktitle={Proceedings of EMNLP},
  pages={529--539},
  year={2011},
}

@inproceedings{tong2006fast,
  title={Fast random walk with restart and its applications},
  author={Tong, Hanghang and Faloutsos, Christos and Pan, Jia-Yu},
  booktitle={Proceedings of ICDM},
  year={2006},
  pages={613--622},
}

@inproceedings{mitchell2008vector,
  title={Vector-based Models of Semantic Composition},
  author={Mitchell, Jeff and Lapata, Mirella},
  booktitle={Proceedings of ACL},
  pages={236--244},
  year={2008}
}

@inproceedings{socher2012semantic,
  title={Semantic compositionality through recursive matrix-vector spaces},
  author={Socher, Richard and Huval, Brody and Manning, Christopher D and Ng, Andrew Y},
  booktitle={Proceedings of EMNLP-CoNLL},
  pages={1201--1211},
  year={2012},
}

@inproceedings{kemp2006learning,
  title={Learning systems of concepts with an infinite relational model},
  author={Kemp, Charles and Tenenbaum, Joshua B and Griffiths, Thomas L and Yamada, Takeshi and Ueda, Naonori},
  booktitle={Proceedings of AAAI},
  volume={3},
  pages={5},
  year={2006}
}

@inproceedings{miller2009nonparametric,
  title={Nonparametric latent feature models for link prediction},
  author={Miller, Kurt and Jordan, Michael I and Griffiths, Thomas L},
  booktitle={Proceedings of NIPS},
  pages={1276--1284},
  year={2009}
}

@article{zhu2012max,
  title={Max-margin nonparametric latent feature models for link prediction},
  author={Zhu, Jun},
  journal={In Proceedings of ICML},
  pages={719--726},
  year={2012}
}

@article{chen2013learning,
  title={Learning new facts from knowledge bases with neural tensor networks and semantic word vectors},
  author={Chen, Danqi and Socher, Richard and Manning, Christopher D and Ng, Andrew Y},
  journal={Proceedings of ICLR},
  year={2013}
}
@inproceedings{singh2008relational,
  title={Relational learning via collective matrix factorization},
  author={Singh, Ajit P and Gordon, Geoffrey J},
  booktitle={Proceedings of KDD},
  pages={650--658},
  year={2008},
}

@article{harshman1994parafac,
  title={PARAFAC: Parallel factor analysis},
  author={Harshman, Richard A and Lundy, Margaret E},
  journal={Computational Statistics \& Data Analysis},
  volume={18},
  number={1},
  pages={39--72},
  year={1994},
}
@inproceedings{gardner2013improving,
  title={Improving Learning and Inference in a Large Knowledge-Base using Latent Syntactic Cues.},
  author={Gardner, Matt and Talukdar, Partha Pratim and Kisiel, Bryan and Mitchell, Tom M},
  booktitle={Proceedings of EMNLP},
  pages={833--838},
  year={2013}
}

@article{lao2010relational,
  title={Relational retrieval using a combination of path-constrained random walks},
  author={Lao, Ni and Cohen, William W},
  journal={Machine learning},
  volume={81},
  number={1},
  pages={53--67},
  year={2010},
}

@inproceedings{lao2012reading,
  title={Reading the web with learned syntactic-semantic inference rules},
  author={Lao, Ni and Subramanya, Amarnag and Pereira, Fernando and Cohen, William W},
  booktitle={Proceedings of EMNLP-CoNLL},
  pages={1017--1026},
  year={2012}
}

@inproceedings{neelakantan2015compositional,
  title={Compositional Vector Space Models for Knowledge Base Inference},
  author={Neelakantan, Arvind and Roth, Benjamin and McCallum, Andrew},
  booktitle={2015 AAAI Spring Symposium Series},
  year={2015}
}


@inproceedings{mikolov2010recurrent,
  title={Recurrent neural network based language model},
  author={Mikolov, Tomas and Karafi{\'a}t, Martin and Burget, Lukas and Cernock{\`y}, Jan and Khudanpur, Sanjeev},
  booktitle={Proceedings of Interspeech},
  pages={1045--1048},
  year={2010}
}














